@misc{austin2021program,
      title={Program Synthesis with Large Language Models}, 
      author={Jacob Austin and Augustus Odena and Maxwell Nye and Maarten Bosma and Henryk Michalewski and David Dohan and Ellen Jiang and Carrie Cai and Michael Terry and Quoc Le and Charles Sutton},
      year={2021},
      eprint={2108.07732},
      archivePrefix={arXiv},
      primaryClass={cs.PL},
      url={https://arxiv.org/abs/2108.07732}, 
}

@book{babushkin2025machine,
  title={Machine Learning System Design with End-to-End Examples},
  author={Babushkin, Valerii and Kravchenko, Arseny},
  publisher={Manning Publications},
  year={2025}
}

@misc{chen2021evaluating,
      title={Evaluating Large Language Models Trained on Code}, 
      author={Mark Chen and Jerry Tworek and Heewoo Jun and Qiming Yuan and Henrique Ponde de Oliveira Pinto and Jared Kaplan and Harri Edwards and Yuri Burda and Nicholas Joseph and Greg Brockman and Alex Ray and Raul Puri and Gretchen Krueger and Michael Petrov and Heidy Khlaaf and Girish Sastry and Pamela Mishkin and Brooke Chan and Scott Gray and Nick Ryder and Mikhail Pavlov and Alethea Power and Lukasz Kaiser and Mohammad Bavarian and Clemens Winter and Philippe Tillet and Felipe Petroski Such and Dave Cummings and Matthias Plappert and Fotios Chantzis and Elizabeth Barnes and Ariel Herbert-Voss and William Hebgen Guss and Alex Nichol and Alex Paino and Nikolas Tezak and Jie Tang and Igor Babuschkin and Suchir Balaji and Shantanu Jain and William Saunders and Christopher Hesse and Andrew N. Carr and Jan Leike and Josh Achiam and Vedant Misra and Evan Morikawa and Alec Radford and Matthew Knight and Miles Brundage and Mira Murati and Katie Mayer and Peter Welinder and Bob McGrew and Dario Amodei and Sam McCandlish and Ilya Sutskever and Wojciech Zaremba},
      year={2021},
      eprint={2107.03374},
      archivePrefix={arXiv},
      primaryClass={cs.LG},
      url={https://arxiv.org/abs/2107.03374}, 
}

@misc{cognition2024swe,
  title={SWE-bench Technical Report},
  author={Cognition Labs},
  year={2024},
  howpublished={\url{https://cognition.ai/blog/swe-bench-technical-report}}
}

@misc{hong2023metagpt,
      title={MetaGPT: Meta Programming for A Multi-Agent Collaborative Framework}, 
      author={Sirui Hong and Mingchen Zhuge and Jiaqi Chen and Xiawu Zheng and Yuheng Cheng and Ceyao Zhang and Jinlin Wang and Zili Wang and Steven Ka Shing Yau and Zijuan Lin and Liyang Zhou and Chenyu Ran and Lingfeng Xiao and Chenglin Wu and Jürgen Schmidhuber},
      year={2024},
      eprint={2308.00352},
      archivePrefix={arXiv},
      primaryClass={cs.AI},
      url={https://arxiv.org/abs/2308.00352}, 
}

@misc{huang2023agentcoder,
      title={AgentCoder: Multi-Agent-based Code Generation with Iterative Testing and Optimisation}, 
      author={Dong Huang and Jie M. Zhang and Michael Luck and Qingwen Bu and Yuhao Qing and Heming Cui},
      year={2024},
      eprint={2312.13010},
      archivePrefix={arXiv},
      primaryClass={cs.CL},
      url={https://arxiv.org/abs/2312.13010}, 
}

@misc{islam2024mapcoder,
      title={MapCoder: Multi-Agent Code Generation for Competitive Problem Solving}, 
      author={Md. Ashraful Islam and Mohammed Eunus Ali and Md Rizwan Parvez},
      year={2024},
      eprint={2405.11403},
      archivePrefix={arXiv},
      primaryClass={cs.CL},
      url={https://arxiv.org/abs/2405.11403}, 
}


@misc{jiang2024survey,
      title={A Survey on Large Language Models for Code Generation}, 
      author={Juyong Jiang and Fan Wang and Jiasi Shen and Sungju Kim and Sunghun Kim},
      year={2024},
      eprint={2406.00515},
      archivePrefix={arXiv},
      primaryClass={cs.CL},
      url={https://arxiv.org/abs/2406.00515}, 
}

@misc{jimenez2024swe,
      title={SWE-bench: Can Language Models Resolve Real-World GitHub Issues?},
      author={Carlos E. Jimenez and John Yang and Alexander Wettig and Shunyu Yao and Kexin Pei and Ofir Press and Karthik Narasimhan},
      year={2024},
      eprint={2310.06770},
      archivePrefix={arXiv},
      primaryClass={cs.CL},
      url={https://arxiv.org/abs/2310.06770},
}

@inproceedings{kniazev2008automated,
  title={Automated source code changes classification for effective code review and analysis},
  author={Kniazev, Evgeny G},
  booktitle={Proceedings of the Spring/Summer Young Researchers' Colloquium on Software Engineering},
  year={2008},
  publisher={Institute for System Programming of the Russian Academy of Sciences}
}

@misc{gong2024astt5,
      title={AST-T5: Structure-Aware Pretraining for Code Generation and Understanding},
      author={Linyuan Gong and Sida Wang and Mostafa Elhoushi and Alvin Cheung},
      year={2024},
      eprint={2401.03003},
      archivePrefix={arXiv},
      primaryClass={cs.SE},
      url={https://arxiv.org/abs/2401.03003},
}

@misc{pan2024ticoder,
      title={LLM-Based Test-Driven Interactive Code Generation: User Study and Empirical Evaluation},
      author={Sarah Fakhoury and Saikat Chakraborty and Miltiadis Allamanis and Shuvendu K. Lahiri},
      year={2024},
      eprint={2404.10100},
      archivePrefix={arXiv},
      primaryClass={cs.SE},
      url={https://arxiv.org/abs/2404.10100},
}


@misc{li2025s,
      title={S*: Test Time Scaling for Code Generation}, 
      author={Dacheng Li and Shiyi Cao and Chengkun Cao and Xiuyu Li and Shangyin Tan and Kurt Keutzer and Jiarong Xing and Joseph E. Gonzalez and Ion Stoica},
      year={2025},
      eprint={2502.14382},
      archivePrefix={arXiv},
      primaryClass={cs.LG},
      url={https://arxiv.org/abs/2502.14382}, 
}


@misc{liu2023your,
      title={Is Your Code Generated by ChatGPT Really Correct? Rigorous Evaluation of Large Language Models for Code Generation}, 
      author={Jiawei Liu and Chunqiu Steven Xia and Yuyao Wang and Lingming Zhang},
      year={2023},
      eprint={2305.01210},
      archivePrefix={arXiv},
      primaryClass={cs.SE},
      url={https://arxiv.org/abs/2305.01210}, 
}

@misc{mialon2023gaia,
      title={GAIA: a benchmark for General AI Assistants}, 
      author={Grégoire Mialon and Clémentine Fourrier and Craig Swift and Thomas Wolf and Yann LeCun and Thomas Scialom},
      year={2023},
      eprint={2311.12983},
      archivePrefix={arXiv},
      primaryClass={cs.CL},
      url={https://arxiv.org/abs/2311.12983}, 
}

@misc{openai2025gpt,
    title={gpt-oss-120b \& gpt-oss-20b Model Card},
    author={OpenAI and : and Sandhini Agarwal and Lama Ahmad and Jason Ai and Sam Altman and Andy Applebaum and Edwin Arbus and Rahul K. Arora and Yu Bai and Bowen Baker and Haiming Bao and Boaz Barak and Ally Bennett and Tyler Bertao and Nivedita Brett and Eugene Brevdo and Greg Brockman and Sebastien Bubeck and Che Chang and Kai Chen and Mark Chen and Enoch Cheung and Aidan Clark and Dan Cook and Marat Dukhan and Casey Dvorak and Kevin Fives and Vlad Fomenko and Timur Garipov and Kristian Georgiev and Mia Glaese and Tarun Gogineni and Adam Goucher and Lukas Gross and Katia Gil Guzman and John Hallman and Jackie Hehir and Johannes Heidecke and Alec Helyar and Haitang Hu and Romain Huet and Jacob Huh and Saachi Jain and Zach Johnson and Chris Koch and Irina Kofman and Dominik Kundel and Jason Kwon and Volodymyr Kyrylov and Elaine Ya Le and Guillaume Leclerc and James Park Lennon and Scott Lessans and Mario Lezcano-Casado and Yuanzhi Li and Zhuohan Li and Ji Lin and Jordan Liss and Lily and Liu and Jiancheng Liu and Kevin Lu and Chris Lu and Zoran Martinovic and Lindsay McCallum and Josh McGrath and Scott McKinney and Aidan McLaughlin and Song Mei and Steve Mostovoy and Tong Mu and Gideon Myles and Alexander Neitz and Alex Nichol and Jakub Pachocki and Alex Paino and Dana Palmie and Ashley Pantuliano and Giambattista Parascandolo and Jongsoo Park and Leher Pathak and Carolina Paz and Ludovic Peran and Dmitry Pimenov and Michelle Pokrass and Elizabeth Proehl and Huida Qiu and Gaby Raila and Filippo Raso and Hongyu Ren and Kimmy Richardson and David Robinson and Bob Rotsted and Hadi Salman and Suvansh Sanjeev and Max Schwarzer and D. Sculley and Harshit Sikchi and Kendal Simon and Karan Singhal and Yang Song and Dane Stuckey and Zhiqing Sun and Philippe Tillet and Sam Toizer and Foivos Tsimpourlas and Nikhil Vyas and Eric Wallace and Xin Wang and Miles Wang and Olivia Watkins and Kevin Weil and Amy Wendling and Kevin Whinnery and Cedric Whitney and Hannah Wong and Lin Yang and Yu Yang and Michihiro Yasunaga and Kristen Ying and Wojciech Zaremba and Wenting Zhan and Cyril Zhang and Brian Zhang and Eddie Zhang and Shengjia Zhao},
    year={2025},
    eprint={2508.10925},
    archivePrefix={arXiv},
    primaryClass={cs.CL}
}

@misc{paul2024benchmarks,
      title={Benchmarks and Metrics for Evaluations of Code Generation: A Critical Review}, 
      author={Debalina Ghosh Paul and Hong Zhu and Ian Bayley},
      year={2024},
      eprint={2406.12655},
      archivePrefix={arXiv},
      primaryClass={cs.AI},
      url={https://arxiv.org/abs/2406.12655}, 
}


@misc{qwen2025qwen3,
      title={Qwen3 Technical Report}, 
      author={An Yang and Anfeng Li and Baosong Yang and Beichen Zhang and Binyuan Hui and Bo Zheng and Bowen Yu and Chang Gao and Chengen Huang and Chenxu Lv and Chujie Zheng and Dayiheng Liu and Fan Zhou and Fei Huang and Feng Hu and Hao Ge and Haoran Wei and Huan Lin and Jialong Tang and Jian Yang and Jianhong Tu and Jianwei Zhang and Jianxin Yang and Jiaxi Yang and Jing Zhou and Jingren Zhou and Junyang Lin and Kai Dang and Keqin Bao and Kexin Yang and Le Yu and Lianghao Deng and Mei Li and Mingfeng Xue and Mingze Li and Pei Zhang and Peng Wang and Qin Zhu and Rui Men and Ruize Gao and Shixuan Liu and Shuang Luo and Tianhao Li and Tianyi Tang and Wenbiao Yin and Xingzhang Ren and Xinyu Wang and Xinyu Zhang and Xuancheng Ren and Yang Fan and Yang Su and Yichang Zhang and Yinger Zhang and Yu Wan and Yuqiong Liu and Zekun Wang and Zeyu Cui and Zhenru Zhang and Zhipeng Zhou and Zihan Qiu},
      year={2025},
      eprint={2505.09388},
      archivePrefix={arXiv},
      primaryClass={cs.CL},
      url={https://arxiv.org/abs/2505.09388}, 
}

@misc{xia2024agentless,
      title={Agentless: Demystifying LLM-based Software Engineering Agents},
      author={Chunqiu Steven Xia and Yinlin Deng and Soren Dunn and Lingming Zhang},
      year={2024},
      eprint={2407.01489},
      archivePrefix={arXiv},
      primaryClass={cs.SE},
      url={https://arxiv.org/abs/2407.01489},
}

@misc{wang2024openhands,
      title={OpenHands: An Open Platform for AI Software Developers as Generalist Agents},
      author={Xingyao Wang and Boxuan Li and Yufan Song and Frank F. Xu and Xiangru Tang and Mingchen Zhuge and Jiayi Pan and Yueqi Song and Bowen Li and Jaskirat Singh and Hoang H. Tran and Fuqiang Li and Ren Ma and Mingzhang Zheng and Bill Qian and Yanjun Shao and Niklas Muennighoff and Yizhe Zhang and Binyuan Hui and Junyang Lin and Robert Brennan and Hao Peng and Heng Ji and Graham Neubig},
      year={2024},
      eprint={2407.16741},
      archivePrefix={arXiv},
      primaryClass={cs.SE},
      url={https://arxiv.org/abs/2407.16741},
      note={Published at ICLR 2025}
}

@misc{yang2024swe,
      title={SWE-agent: Agent-Computer Interfaces Enable Automated Software Engineering}, 
      author={John Yang and Carlos E. Jimenez and Alexander Wettig and Kilian Lieret and Shunyu Yao and Karthik Narasimhan and Ofir Press},
      year={2024},
      eprint={2405.15793},
      archivePrefix={arXiv},
      primaryClass={cs.SE},
      url={https://arxiv.org/abs/2405.15793}, 
}

@misc{zhang2023rtuning,
      title={R-Tuning: Instructing Large Language Models to Say `I Don't Know'}, 
      author={Hanning Zhang and Shizhe Diao and Yong Lin and Yi R. Fung and Qing Lian and Xingyao Wang and Yangyi Chen and Heng Ji and Tong Zhang},
      year={2024},
      eprint={2311.09677},
      archivePrefix={arXiv},
      primaryClass={cs.CL},
      url={https://arxiv.org/abs/2311.09677}, 
}

@misc{zhang2024autocoder,
      title={AutoCodeRover: Autonomous Program Improvement}, 
      author={Yuntong Zhang and Haifeng Ruan and Zhiyu Fan and Abhik Roychoudhury},
      year={2024},
      eprint={2404.05427},
      archivePrefix={arXiv},
      primaryClass={cs.SE},
      url={https://arxiv.org/abs/2404.05427}, 
}


@misc{zhou2024webarena,
      title={WebArena: A Realistic Web Environment for Building Autonomous Agents}, 
      author={Shuyan Zhou and Frank F. Xu and Hao Zhu and Xuhui Zhou and Robert Lo and Abishek Sridhar and Xianyi Cheng and Tianyue Ou and Yonatan Bisk and Daniel Fried and Uri Alon and Graham Neubig},
      year={2024},
      eprint={2307.13854},
      archivePrefix={arXiv},
      primaryClass={cs.AI},
      url={https://arxiv.org/abs/2307.13854}, 
}